@article{dai17dcn,
	Author = {Jifeng Dai, Haozhi Qi, Yuwen Xiong, Yi Li, Guodong Zhang, Han Hu, Yichen Wei},
	Title = {Deformable Convolutional Networks},
	Journal = {arXiv preprint arXiv:1703.06211},
	Year = {2017}
}
@inproceedings{Guo_2021CVPR_CFA,
	author    = {Zonghao Guo, Chang Liu, Xiaosong Zhang, Jianbin Jiao, Xiangyang Ji and Qixiang Ye},
	title     = {Beyond Bounding-Box: Convex-hull Feature Adaptation for Oriented and Densely Packed Object Detection},
	booktitle = {IEEE/CVF Conference on Computer Vision and Pattern Recognition (CVPR)},
	month     = {June},
	year      = {2021}
}
@misc{mmcv,
	title={{MMCV: OpenMMLab} Computer Vision Foundation},
	author={MMCV Contributors},
	howpublished = {\url{https://github.com/open-mmlab/mmcv}},
	year={2018}
}

@inproceedings{zhou2022mmrotate,
	title   = {MMRotate: A Rotated Object Detection Benchmark using PyTorch},
	author  = {Zhou, Yue and Yang, Xue and Zhang, Gefan and Wang, Jiabao and Liu, Yanyi and
	Hou, Liping and Jiang, Xue and Liu, Xingzhao and Yan, Junchi and Lyu, Chengqi and
	Zhang, Wenwei and Chen, Kai},
	booktitle={Proceedings of the 30th ACM International Conference on Multimedia},
	year={2022}
}
@article{mmdetection,
	title   = {{MMDetection}: Open MMLab Detection Toolbox and Benchmark},
	author  = {Chen, Kai and Wang, Jiaqi and Pang, Jiangmiao and Cao, Yuhang and
	Xiong, Yu and Li, Xiaoxiao and Sun, Shuyang and Feng, Wansen and
	Liu, Ziwei and Xu, Jiarui and Zhang, Zheng and Cheng, Dazhi and
	Zhu, Chenchen and Cheng, Tianheng and Zhao, Qijie and Li, Buyu and
	Lu, Xin and Zhu, Rui and Wu, Yue and Dai, Jifeng and Wang, Jingdong
	and Shi, Jianping and Ouyang, Wanli and Loy, Chen Change and Lin, Dahua},
	journal= {arXiv preprint arXiv:1906.07155},
	year={2019}
}